<record xmlns:xsi="http://www.w3.org/2001/XMLSchema-instance" xmlns="http://www.loc.gov/MARC21/slim" xsi:schemaLocation="http://www.loc.gov/MARC21/slim http://www.loc.gov/standards/marcxml/schema/MARC21slim.xsd">

  <leader>00608nam a2200169Ia 4500</leader>
  <datafield ind1=" " ind2=" " tag="999">
    <subfield code="c">2283</subfield>
    <subfield code="d">2283</subfield>
  </datafield>
  <controlfield tag="008">180705b2018    cr ||||| |||| 00| | spa d</controlfield>
  <datafield ind2=" " tag="090" ind1=" ">
    <subfield code="a">06.01.01</subfield>
    <subfield code="b">1844</subfield>
  </datafield>
  <datafield ind1=" " ind2=" " tag="100">
    <subfield code="9">766</subfield>
    <subfield code="a">Cárdenas Leitón, Helvetia</subfield>
  </datafield>
  <datafield ind2="0" tag="245" ind1="1">
    <subfield code="a">Programa de investigación mejoramiento de los procesos de enseñanza y aprendizaje /</subfield>
    <subfield code="c">Helvetia Cárdenas Leitón, Loriana Morales segura</subfield>
  </datafield>
  <datafield ind1=" " tag="260" ind2=" ">
    <subfield code="a">San José, Costa Rica : </subfield>
    <subfield code="b">INIE,</subfield>
    <subfield code="c">2018</subfield>
  </datafield>
  <datafield tag="300" ind2=" " ind1=" ">
    <subfield code="a">41 páginas</subfield>
  </datafield>
  <datafield ind1=" " tag="500" ind2=" ">
    <subfield code="a">Informe final Proyecto N° 724-A3-904</subfield>
  </datafield>
  <datafield ind1="1" tag="650" ind2="4">
    <subfield code="a">INVESTIGACIÓN EDUCATIVA</subfield>
    <subfield code="9">326</subfield>
  </datafield>
  <datafield tag="650" ind2="4" ind1="1">
    <subfield code="a">APRENDIZAJE </subfield>
    <subfield code="9">387</subfield>
  </datafield>
  <datafield ind1="1" ind2="4" tag="650">
    <subfield code="a">EDUCACIÓN</subfield>
    <subfield code="9">1</subfield>
  </datafield>
  <datafield ind1=" " ind2=" " tag="942">
    <subfield code="2">z</subfield>
    <subfield code="c">04</subfield>
  </datafield>
</record>